@misc{oldrepo,
  title = {Github Repository for previous Project},
  howpublished = {\url{https://github.com/FlorianMuttenthaler/SocLabPartialReconfigIot}},
  note = {Accessed: 2020-11-05}
}

@misc{repo,
  title = {Github Project Repository},
  howpublished = {\url{https://github.com/1chor/SoC-project}},
  note = {Accessed: 2020-11-05}
}

@misc{TRDReferenceDesign,
  title = {Zynq UltraScale MPSoC Base TRD 2018.1},
  howpublished = {\url{https://xilinx-wiki.atlassian.net/wiki/spaces/A/pages/18842372/Zynq+UltraScale+MPSoC+Base+TRD+2018.1}},
  note = {Accessed: 2020-11-06}
}

@article{UG1118,
  author = {Xilinx},
  title = {Vivado Design Suite User Guide - Creating and Packaging Custom IP},
  journal = {UG1118 (v2018.1)},
  issue_date = {April 13 2018},
  month = Apr,
  year = {2018},
  url = {https://www.xilinx.com/support/documentation/sw_manuals/xilinx2018_1/ug1118-vivado-creating-packaging-custom-ip.pdf},
  publisher = {Xilinx}
}

@techreport{blake2,
  author = {M-J. Saarinen, Ed.},
  title = {The BLAKE2 Cryptographic Hash and Message Authentication Code (MAC)},
  howpublished = {Internet Requests for Comments},
  type = {RFC},
  number = 7693,
  year = {2015},
  month = {November},
  issn = {2070-1721},
  publisher = {RFC Editor},
  institution = {RFC Editor},
  url = {https://tools.ietf.org/html/rfc7693}
}

@misc{blake2hardware,
  title = {BLAKE2 VHDL IP Core},
  howpublished = {\url{https://github.com/christian-krieg/blake2}},
  note = {Accessed: 2020-11-06}
}

@article{UG947,
  author = {Xilinx},
  title = {Vivado Design Suite Tutorial - Partial Reconfiguration},
  journal = {UG947 (v2018.1)},
  issue_date = {April 27 2018},
  month = Apr,
  year = {2018},
  url = {https://www.xilinx.com/support/documentation/sw_manuals/xilinx2018_1/ug947-vivado-partial-reconfiguration-tutorial.pdf},
  publisher = {Xilinx}
}

@article{UG909,
  author = {Xilinx},
  title = {Vivado Design Suite User Guide - Partial Reconfiguration},
  journal = {UG909 (v2018.1)},
  issue_date = {April 27 2018},
  month = Apr,
  year = {2018},
  url = {https://www.xilinx.com/support/documentation/sw_manuals/xilinx2018_1/ug909-vivado-partial-reconfiguration.pdf},
  publisher = {Xilinx}
}

@misc{linuxkernel,
  author = {MentorEmbedded},
  title = {Linux Kernel repository},
  howpublished = {\url{https://github.com/MentorEmbedded/mpsoc-linux-xlnx}},
  note = {Accessed: 2020-12-04}
}

@misc{uboot,
  author = {MentorEmbedded},
  title = {U-boot utility repository},
  howpublished = {\url{https://github.com/MentorEmbedded/mpsoc-u-boot-xlnx}},
  note = {Accessed: 2020-12-04}
}

@misc{atf,
  author = {Xilinx},
  title = {ARM Trusted Firmware repository},
  howpublished = {\url{https://github.com/Xilinx/arm-trusted-firmware}},
  note = {Accessed: 2020-12-04}
}

@misc{devicetree,
  author = {Xilinx},
  title = {Devicetree repository},
  howpublished = {\url{https://github.com/Xilinx/device-tree-xlnx}},
  note = {Accessed: 2020-12-04}
}

@misc{androidsource,
  author = {Mentor Embedded},
  title = {mpsoc-manifest},
  howpublished = {\url{https://github.com/MentorEmbedded/mpsoc-manifest}},
  note = {Accessed: 2020-12-04}
}

@misc{mali400,
  author = {Xilinx},
  title = {PetaLinux Tools and Linux Support and Resources},
  howpublished = {\url{https://www.xilinx.com/products/design-tools/embedded-software/petalinux-sdk.html#licensing}},
  note = {Accessed: 2020-12-04}
}

@article{UG1182,
  author = {Xilinx},
  title = {ZCU102 Evaluation Board - User Guide},
  journal = {UG1182 (v1.6)},
  issue_date = {June 12 2019},
  month = Jun,
  year = {2019},
  url = {https://www.xilinx.com/support/documentation/boards_and_kits/zcu102/ug1182-zcu102-eval-bd.pdf},
  publisher = {Xilinx}
}
